@misc{GHC,
  howpublished =  {\url{http://www.haskell.org/ghc/}},
  month =         {Jan},
  title =         {{G}lasgow {H}askell Compiler},
  year =          {2013},
}

@inproceedings{Klein_EHACDEEKNSTW_09,
  address =       {Big Sky, MT, USA},
  author =        {Gerwin Klein and Kevin Elphinstone and Gernot Heiser and
                   June Andronick and David Cock and Philip Derrin and
                   Dhammika Elkaduwe and Kai Engelhardt and
                   Rafal Kolanski and Michael Norrish and Thomas Sewell and
                   Harvey Tuch and Simon Winwood},
  booktitle =     {22nd SOSP},
  month =         {Oct},
  pages =         {207--220},
  publisher =     {ACM},
  title =         {{seL4}: Formal Verification of an {OS} Kernel},
  year =          {2009},
  doi =           {10.1145/1629575.1629596},
}

@inproceedings{Kuz_KLW_10,
  address =       {New Delhi, India},
  author =        {Ihor Kuz and Gerwin Klein and Corey Lewis and
                   Adam Walker},
  booktitle =     {1st APSys},
  month =         {Aug},
  pages =         {31--36},
  title =         {{capDL}: {A} Language for Describing Capability-Based
                   Systems},
  year =          {2010},
}
